%% This BibTeX bibliography file was created using BibDesk.
%% http://bibdesk.sourceforge.net/


%% Created for Sam at 2016-11-28 21:27:55 -0500 


%% Saved with string encoding Unicode (UTF-8) 



@article{Gelmini:2000dm,
	Archiveprefix = {arXiv},
	Author = {Gelmini, Graciela and Gondolo, Paolo},
	Date-Added = {2016-11-29 02:10:06 +0000},
	Date-Modified = {2016-11-29 02:10:06 +0000},
	Doi = {10.1103/PhysRevD.64.023504},
	Eprint = {hep-ph/0012315},
	Journal = {Phys. Rev.},
	Pages = {023504},
	Primaryclass = {hep-ph},
	Reportnumber = {UCLA-00-TEP-33, CWRU-P13-00},
	Slaccitation = {%%CITATION = HEP-PH/0012315;%%},
	Title = {{WIMP annual modulation with opposite phase in Late-Infall halo models}},
	Volume = {D64},
	Year = {2001},
	Bdsk-Url-1 = {http://dx.doi.org/10.1103/PhysRevD.64.023504}}

@article{Green:2000ga,
	Archiveprefix = {arXiv},
	Author = {Green, Anne M},
	Date-Added = {2016-11-29 02:09:54 +0000},
	Date-Modified = {2016-11-29 02:09:54 +0000},
	Doi = {10.1103/PhysRevD.63.103003},
	Eprint = {astro-ph/0012393},
	Journal = {Phys. Rev.},
	Pages = {103003},
	Primaryclass = {astro-ph},
	Slaccitation = {%%CITATION = ASTRO-PH/0012393;%%},
	Title = {{A Potential WIMP signature for the caustic ring halo model}},
	Volume = {D63},
	Year = {2001},
	Bdsk-Url-1 = {http://dx.doi.org/10.1103/PhysRevD.63.103003}}

@article{Fitzpatrick:2010br,
	Archiveprefix = {arXiv},
	Author = {Fitzpatrick, A. Liam and Zurek, Kathryn M.},
	Date-Added = {2016-11-28 14:12:32 +0000},
	Date-Modified = {2016-11-28 14:12:32 +0000},
	Doi = {10.1103/PhysRevD.82.075004},
	Eprint = {1007.5325},
	Journal = {Phys. Rev.},
	Pages = {075004},
	Primaryclass = {hep-ph},
	Reportnumber = {MCTP-10-27},
	Slaccitation = {%%CITATION = ARXIV:1007.5325;%%},
	Title = {{Dark Moments and the DAMA-CoGeNT Puzzle}},
	Volume = {D82},
	Year = {2010},
	Bdsk-Url-1 = {http://dx.doi.org/10.1103/PhysRevD.82.075004}}

@article{Bovy:2013raa,
	Archiveprefix = {arXiv},
	Author = {Bovy, Jo and Rix, Hans-Walter},
	Date-Added = {2016-06-06 18:40:38 +0000},
	Date-Modified = {2016-06-06 18:40:38 +0000},
	Doi = {10.1088/0004-637X/779/2/115},
	Eprint = {1309.0809},
	Journal = {Astrophys. J.},
	Pages = {115},
	Primaryclass = {astro-ph.GA},
	Slaccitation = {%%CITATION = ARXIV:1309.0809;%%},
	Title = {{A Direct Dynamical Measurement of the Milky Way's Disk Surface Density Profile, Disk Scale Length, and Dark Matter Profile at 4 kpc $\stackrel{<}{\sim}$ R $\stackrel{<}{\sim}$ 9 kpc}},
	Volume = {779},
	Year = {2013},
	Bdsk-Url-1 = {http://dx.doi.org/10.1088/0004-637X/779/2/115}}

@article{Berlin:2015njh,
	Archiveprefix = {arXiv},
	Author = {Berlin, Asher and Robertson, Denis S. and Solon, Mikhail P. and Zurek, Kathryn M.},
	Date-Added = {2016-04-14 13:52:28 +0000},
	Date-Modified = {2016-04-14 13:52:28 +0000},
	Eprint = {1511.05964},
	Primaryclass = {hep-ph},
	Slaccitation = {%%CITATION = ARXIV:1511.05964;%%},
	Title = {{The Bino Variations: Effective Field Theory Methods for Dark Matter Direct Detection}},
	Year = {2015}}

@article{Appelquist:2015yfa,
	Archiveprefix = {arXiv},
	Author = {Appelquist, Thomas and others},
	Date-Added = {2016-04-05 14:17:52 +0000},
	Date-Modified = {2016-04-05 14:17:52 +0000},
	Doi = {10.1103/PhysRevD.92.075030},
	Eprint = {1503.04203},
	Journal = {Phys. Rev.},
	Number = {7},
	Pages = {075030},
	Primaryclass = {hep-ph},
	Reportnumber = {INT-PUB-15-004, LLNL-JRNL-667446},
	Slaccitation = {%%CITATION = ARXIV:1503.04203;%%},
	Title = {{Stealth Dark Matter: Dark scalar baryons through the Higgs portal}},
	Volume = {D92},
	Year = {2015},
	Bdsk-Url-1 = {http://dx.doi.org/10.1103/PhysRevD.92.075030}}

@article{Appelquist:2015zfa,
	Archiveprefix = {arXiv},
	Author = {Appelquist, Thomas and others},
	Date-Added = {2016-04-05 14:17:51 +0000},
	Date-Modified = {2016-04-05 14:17:51 +0000},
	Doi = {10.1103/PhysRevLett.115.171803},
	Eprint = {1503.04205},
	Journal = {Phys. Rev. Lett.},
	Number = {17},
	Pages = {171803},
	Primaryclass = {hep-ph},
	Reportnumber = {INT-PUB-15-005, LLNL-JRNL-667121},
	Slaccitation = {%%CITATION = ARXIV:1503.04205;%%},
	Title = {{Detecting Stealth Dark Matter Directly through Electromagnetic Polarizability}},
	Volume = {115},
	Year = {2015},
	Bdsk-Url-1 = {http://dx.doi.org/10.1103/PhysRevLett.115.171803}}

@article{Gresham:2014vja,
	Archiveprefix = {arXiv},
	Author = {Gresham, Moira I. and Zurek, Kathryn M.},
	Date-Added = {2016-04-02 01:13:33 +0000},
	Date-Modified = {2016-04-02 01:13:33 +0000},
	Doi = {10.1103/PhysRevD.89.123521},
	Eprint = {1401.3739},
	Journal = {Phys. Rev.},
	Number = {12},
	Pages = {123521},
	Primaryclass = {hep-ph},
	Reportnumber = {MCTP-14-01},
	Slaccitation = {%%CITATION = ARXIV:1401.3739;%%},
	Title = {{Effect of nuclear response functions in dark matter direct detection}},
	Volume = {D89},
	Year = {2014},
	Bdsk-Url-1 = {http://dx.doi.org/10.1103/PhysRevD.89.123521}}

@article{Anand:2013yka,
	Archiveprefix = {arXiv},
	Author = {Anand, Nikhil and Fitzpatrick, A. Liam and Haxton, W. C.},
	Date-Added = {2016-04-02 01:02:21 +0000},
	Date-Modified = {2016-04-02 01:02:21 +0000},
	Doi = {10.1103/PhysRevC.89.065501},
	Eprint = {1308.6288},
	Journal = {Phys. Rev.},
	Number = {6},
	Pages = {065501},
	Primaryclass = {hep-ph},
	Slaccitation = {%%CITATION = ARXIV:1308.6288;%%},
	Title = {{Weakly interacting massive particle-nucleus elastic scattering response}},
	Volume = {C89},
	Year = {2014},
	Bdsk-Url-1 = {http://dx.doi.org/10.1103/PhysRevC.89.065501}}

@article{Fitzpatrick:2012ix,
	Archiveprefix = {arXiv},
	Author = {Fitzpatrick, A. Liam and Haxton, Wick and Katz, Emanuel and Lubbers, Nicholas and Xu, Yiming},
	Date-Added = {2016-04-02 01:02:00 +0000},
	Date-Modified = {2016-04-02 01:02:00 +0000},
	Doi = {10.1088/1475-7516/2013/02/004},
	Eprint = {1203.3542},
	Journal = {JCAP},
	Pages = {004},
	Primaryclass = {hep-ph},
	Slaccitation = {%%CITATION = ARXIV:1203.3542;%%},
	Title = {{The Effective Field Theory of Dark Matter Direct Detection}},
	Volume = {1302},
	Year = {2013},
	Bdsk-Url-1 = {http://dx.doi.org/10.1088/1475-7516/2013/02/004}}

@article{McDermott:2014rqa,
	Archiveprefix = {arXiv},
	Author = {McDermott, Samuel D.},
	Date-Added = {2016-04-02 00:55:53 +0000},
	Date-Modified = {2016-04-02 00:55:53 +0000},
	Doi = {10.1016/j.dark.2015.05.001},
	Eprint = {1406.6408},
	Journal = {Phys. Dark Univ.},
	Pages = {12-15},
	Primaryclass = {hep-ph},
	Reportnumber = {FERMILAB-PUB-14-205-A-T},
	Slaccitation = {%%CITATION = ARXIV:1406.6408;%%},
	Title = {{Lining up the Galactic Center Gamma-Ray Excess}},
	Volume = {7-8},
	Year = {2014},
	Bdsk-Url-1 = {http://dx.doi.org/10.1016/j.dark.2015.05.001}}

@article{Ipek:2014gua,
	Archiveprefix = {arXiv},
	Author = {Ipek, Seyda and McKeen, David and Nelson, Ann E.},
	Date-Added = {2016-04-02 00:48:02 +0000},
	Date-Modified = {2016-04-02 00:48:02 +0000},
	Doi = {10.1103/PhysRevD.90.055021},
	Eprint = {1404.3716},
	Journal = {Phys. Rev.},
	Number = {5},
	Pages = {055021},
	Primaryclass = {hep-ph},
	Slaccitation = {%%CITATION = ARXIV:1404.3716;%%},
	Title = {{A Renormalizable Model for the Galactic Center Gamma Ray Excess from Dark Matter Annihilation}},
	Volume = {D90},
	Year = {2014},
	Bdsk-Url-1 = {http://dx.doi.org/10.1103/PhysRevD.90.055021}}

@article{Hill:2013hoa,
	Archiveprefix = {arXiv},
	Author = {Hill, Richard J. and Solon, Mikhail P.},
	Date-Added = {2016-04-02 00:44:14 +0000},
	Date-Modified = {2016-04-02 00:44:14 +0000},
	Doi = {10.1103/PhysRevLett.112.211602},
	Eprint = {1309.4092},
	Journal = {Phys. Rev. Lett.},
	Pages = {211602},
	Primaryclass = {hep-ph},
	Reportnumber = {EFI-13-23},
	Slaccitation = {%%CITATION = ARXIV:1309.4092;%%},
	Title = {{WIMP-nucleon scattering with heavy WIMP effective theory}},
	Volume = {112},
	Year = {2014},
	Bdsk-Url-1 = {http://dx.doi.org/10.1103/PhysRevLett.112.211602}}

@article{Hill:2014yxa,
	Archiveprefix = {arXiv},
	Author = {Hill, Richard J. and Solon, Mikhail P.},
	Date-Added = {2016-04-02 00:43:58 +0000},
	Date-Modified = {2016-04-02 00:43:58 +0000},
	Doi = {10.1103/PhysRevD.91.043505},
	Eprint = {1409.8290},
	Journal = {Phys. Rev.},
	Pages = {043505},
	Primaryclass = {hep-ph},
	Reportnumber = {EFI-PREPRINT-14-25},
	Slaccitation = {%%CITATION = ARXIV:1409.8290;%%},
	Title = {{Standard Model anatomy of WIMP dark matter direct detection II: QCD analysis and hadronic matrix elements}},
	Volume = {D91},
	Year = {2015},
	Bdsk-Url-1 = {http://dx.doi.org/10.1103/PhysRevD.91.043505}}

@article{Hill:2011be,
	Archiveprefix = {arXiv},
	Author = {Hill, Richard J. and Solon, Mikhail P.},
	Date-Added = {2016-04-02 00:43:36 +0000},
	Date-Modified = {2016-04-02 00:43:36 +0000},
	Doi = {10.1016/j.physletb.2012.01.013},
	Eprint = {1111.0016},
	Journal = {Phys. Lett.},
	Pages = {539-545},
	Primaryclass = {hep-ph},
	Slaccitation = {%%CITATION = ARXIV:1111.0016;%%},
	Title = {{Universal behavior in the scattering of heavy, weakly interacting dark matter on nuclear targets}},
	Volume = {B707},
	Year = {2012},
	Bdsk-Url-1 = {http://dx.doi.org/10.1016/j.physletb.2012.01.013}}

@article{Freese:2012xd,
	Archiveprefix = {arXiv},
	Author = {Freese, Katherine and Lisanti, Mariangela and Savage, Christopher},
	Date-Added = {2016-04-01 21:41:04 +0000},
	Date-Modified = {2016-04-01 21:41:04 +0000},
	Doi = {10.1103/RevModPhys.85.1561},
	Eprint = {1209.3339},
	Journal = {Rev. Mod. Phys.},
	Pages = {1561-1581},
	Primaryclass = {astro-ph.CO},
	Slaccitation = {%%CITATION = ARXIV:1209.3339;%%},
	Title = {{Colloquium: Annual modulation of dark matter}},
	Volume = {85},
	Year = {2013},
	Bdsk-Url-1 = {http://dx.doi.org/10.1103/RevModPhys.85.1561}}

@article{DelNobile:2015rmp,
	Archiveprefix = {arXiv},
	Author = {Del Nobile, Eugenio and Gelmini, Graciela B. and Witte, Samuel J.},
	Date-Added = {2016-04-01 21:40:31 +0000},
	Date-Modified = {2016-04-01 21:40:31 +0000},
	Doi = {10.1088/1475-7516/2016/02/009},
	Eprint = {1512.03961},
	Journal = {JCAP},
	Number = {02},
	Pages = {009},
	Primaryclass = {hep-ph},
	Slaccitation = {%%CITATION = ARXIV:1512.03961;%%},
	Title = {{Prospects for detection of target-dependent annual modulation in direct dark matter searches}},
	Volume = {1602},
	Year = {2016},
	Bdsk-Url-1 = {http://dx.doi.org/10.1088/1475-7516/2016/02/009}}

@article{DelNobile:2015nua,
	Archiveprefix = {arXiv},
	Author = {Del Nobile, Eugenio and Gelmini, Graciela B. and Witte, Samuel J.},
	Date-Added = {2016-04-01 21:40:23 +0000},
	Date-Modified = {2016-04-01 21:40:23 +0000},
	Doi = {10.1088/1475-7516/2015/08/041},
	Eprint = {1505.07538},
	Journal = {JCAP},
	Number = {08},
	Pages = {041},
	Primaryclass = {hep-ph},
	Slaccitation = {%%CITATION = ARXIV:1505.07538;%%},
	Title = {{Gravitational Focusing and Substructure Effects on the Rate Modulation in Direct Dark Matter Searches}},
	Volume = {1508},
	Year = {2015},
	Bdsk-Url-1 = {http://dx.doi.org/10.1088/1475-7516/2015/08/041}}

@article{DelNobile:2015tza,
	Archiveprefix = {arXiv},
	Author = {Del Nobile, Eugenio and Gelmini, Graciela B. and Witte, Samuel J.},
	Date-Added = {2016-04-01 21:40:17 +0000},
	Date-Modified = {2016-04-01 21:40:17 +0000},
	Doi = {10.1103/PhysRevD.91.121302},
	Eprint = {1504.06772},
	Journal = {Phys. Rev.},
	Number = {12},
	Pages = {121302},
	Primaryclass = {hep-ph},
	Slaccitation = {%%CITATION = ARXIV:1504.06772;%%},
	Title = {{Target dependence of the annual modulation in direct dark matter searches}},
	Volume = {D91},
	Year = {2015},
	Bdsk-Url-1 = {http://dx.doi.org/10.1103/PhysRevD.91.121302}}

@article{Lee:2013wza,
	Archiveprefix = {arXiv},
	Author = {Lee, Samuel K. and Lisanti, Mariangela and Peter, Annika H. G. and Safdi, Benjamin R.},
	Date-Added = {2016-04-01 21:38:38 +0000},
	Date-Modified = {2016-04-01 21:38:38 +0000},
	Doi = {10.1103/PhysRevLett.112.011301},
	Eprint = {1308.1953},
	Journal = {Phys. Rev. Lett.},
	Number = {1},
	Pages = {011301},
	Primaryclass = {astro-ph.CO},
	Slaccitation = {%%CITATION = ARXIV:1308.1953;%%},
	Title = {{Effect of Gravitational Focusing on Annual Modulation in Dark-Matter Direct-Detection Experiments}},
	Volume = {112},
	Year = {2014},
	Bdsk-Url-1 = {http://dx.doi.org/10.1103/PhysRevLett.112.011301}}

@article{Lee:2013xxa,
	Archiveprefix = {arXiv},
	Author = {Lee, Samuel K. and Lisanti, Mariangela and Safdi, Benjamin R.},
	Date-Added = {2016-04-01 21:38:19 +0000},
	Date-Modified = {2016-04-01 21:38:19 +0000},
	Doi = {10.1088/1475-7516/2013/11/033},
	Eprint = {1307.5323},
	Journal = {JCAP},
	Pages = {033},
	Primaryclass = {hep-ph},
	Slaccitation = {%%CITATION = ARXIV:1307.5323;%%},
	Title = {{Dark-Matter Harmonics Beyond Annual Modulation}},
	Volume = {1311},
	Year = {2013},
	Bdsk-Url-1 = {http://dx.doi.org/10.1088/1475-7516/2013/11/033}}

@article{Freese:1987wu,
	Author = {Freese, Katherine and Frieman, Joshua A. and Gould, Andrew},
	Date-Added = {2016-04-01 21:37:47 +0000},
	Date-Modified = {2016-04-01 21:37:47 +0000},
	Doi = {10.1103/PhysRevD.37.3388},
	Journal = {Phys. Rev.},
	Pages = {3388-3405},
	Reportnumber = {SLAC-PUB-4427, NSF-ITP-87-123},
	Slaccitation = {%%CITATION = PHRVA,D37,3388;%%},
	Title = {{Signal Modulation in Cold Dark Matter Detection}},
	Volume = {D37},
	Year = {1988},
	Bdsk-Url-1 = {http://dx.doi.org/10.1103/PhysRevD.37.3388}}

@article{Dent:2015zpa,
	Archiveprefix = {arXiv},
	Author = {Dent, James B. and Krauss, Lawrence M. and Newstead, Jayden L. and Sabharwal, Subir},
	Date-Added = {2016-04-01 21:29:09 +0000},
	Date-Modified = {2016-04-01 21:29:09 +0000},
	Doi = {10.1103/PhysRevD.92.063515},
	Eprint = {1505.03117},
	Journal = {Phys. Rev.},
	Number = {6},
	Pages = {063515},
	Primaryclass = {hep-ph},
	Slaccitation = {%%CITATION = ARXIV:1505.03117;%%},
	Title = {{General analysis of direct dark matter detection: From microphysics to observational signatures}},
	Volume = {D92},
	Year = {2015},
	Bdsk-Url-1 = {http://dx.doi.org/10.1103/PhysRevD.92.063515}}

@article{Peter:2013aha,
	Archiveprefix = {arXiv},
	Author = {Peter, Annika H. G. and Gluscevic, Vera and Green, Anne M. and Kavanagh, Bradley J. and Lee, Samuel K.},
	Date-Added = {2016-04-01 21:28:36 +0000},
	Date-Modified = {2016-04-01 21:28:36 +0000},
	Doi = {10.1016/j.dark.2014.10.006},
	Eprint = {1310.7039},
	Journal = {Phys. Dark Univ.},
	Pages = {45-74},
	Primaryclass = {astro-ph.CO},
	Slaccitation = {%%CITATION = ARXIV:1310.7039;%%},
	Title = {{WIMP physics with ensembles of direct-detection experiments}},
	Volume = {5-6},
	Year = {2014},
	Bdsk-Url-1 = {http://dx.doi.org/10.1016/j.dark.2014.10.006}}

@article{Catena:2014hla,
	Archiveprefix = {arXiv},
	Author = {Catena, Riccardo},
	Date-Added = {2016-04-01 21:27:31 +0000},
	Date-Modified = {2016-04-01 21:27:31 +0000},
	Doi = {10.1088/1475-7516/2014/09/049},
	Eprint = {1407.0127},
	Journal = {JCAP},
	Number = {09},
	Pages = {049},
	Primaryclass = {hep-ph},
	Slaccitation = {%%CITATION = ARXIV:1407.0127;%%},
	Title = {{Analysis of the theoretical bias in dark matter direct detection}},
	Volume = {1409},
	Year = {2014},
	Bdsk-Url-1 = {http://dx.doi.org/10.1088/1475-7516/2014/09/049}}

@article{Catena:2014epa,
	Archiveprefix = {arXiv},
	Author = {Catena, Riccardo},
	Date-Added = {2016-04-01 21:27:24 +0000},
	Date-Modified = {2016-04-01 21:27:24 +0000},
	Doi = {10.1088/1475-7516/2014/07/055},
	Eprint = {1406.0524},
	Journal = {JCAP},
	Pages = {055},
	Primaryclass = {hep-ph},
	Slaccitation = {%%CITATION = ARXIV:1406.0524;%%},
	Title = {{Prospects for direct detection of dark matter in an effective theory approach}},
	Volume = {1407},
	Year = {2014},
	Bdsk-Url-1 = {http://dx.doi.org/10.1088/1475-7516/2014/07/055}}

@article{Gluscevic:2014vga,
	Archiveprefix = {arXiv},
	Author = {Gluscevic, Vera and Peter, Annika H. G.},
	Date-Added = {2016-04-01 21:26:27 +0000},
	Date-Modified = {2016-04-01 21:26:27 +0000},
	Doi = {10.1088/1475-7516/2014/09/040},
	Eprint = {1406.7008},
	Journal = {JCAP},
	Number = {09},
	Pages = {040},
	Primaryclass = {astro-ph.CO},
	Slaccitation = {%%CITATION = ARXIV:1406.7008;%%},
	Title = {{Understanding WIMP-baryon interactions with direct detection: A Roadmap}},
	Volume = {1409},
	Year = {2014},
	Bdsk-Url-1 = {http://dx.doi.org/10.1088/1475-7516/2014/09/040}}

@article{McDermott:2011hx,
	Archiveprefix = {arXiv},
	Author = {McDermott, Samuel D. and Yu, Hai-Bo and Zurek, Kathryn M.},
	Date-Added = {2016-04-01 21:25:30 +0000},
	Date-Modified = {2016-04-01 21:25:30 +0000},
	Doi = {10.1103/PhysRevD.85.123507},
	Eprint = {1110.4281},
	Journal = {Phys. Rev.},
	Pages = {123507},
	Primaryclass = {hep-ph},
	Reportnumber = {MCTP-11-34},
	Slaccitation = {%%CITATION = ARXIV:1110.4281;%%},
	Title = {{The Dark Matter Inverse Problem: Extracting Particle Physics from Scattering Events}},
	Volume = {D85},
	Year = {2012},
	Bdsk-Url-1 = {http://dx.doi.org/10.1103/PhysRevD.85.123507}}

@article{Gluscevic:2015sqa,
	Archiveprefix = {arXiv},
	Author = {Gluscevic, Vera and Gresham, Moira I. and McDermott, Samuel D. and Peter, Annika H. G. and Zurek, Kathryn M.},
	Date-Added = {2016-04-01 21:24:00 +0000},
	Date-Modified = {2016-04-01 21:24:00 +0000},
	Doi = {10.1088/1475-7516/2015/12/057},
	Eprint = {1506.04454},
	Journal = {JCAP},
	Number = {12},
	Pages = {057},
	Primaryclass = {hep-ph},
	Reportnumber = {YITP-SB-15-16},
	Slaccitation = {%%CITATION = ARXIV:1506.04454;%%},
	Title = {{Identifying the Theory of Dark Matter with Direct Detection}},
	Volume = {1512},
	Year = {2015},
	Bdsk-Url-1 = {http://dx.doi.org/10.1088/1475-7516/2015/12/057}}
